@book{mery2020computer,
  title={Computer vision for x-ray testing: Imaging, systems, image databases, and algorithms},
  author={Mery, Domingo and Pieringer, Christian},
  year={2020},
  publisher={Springer Nature}
}

@inproceedings{abidi2005screener,
  title={Screener evaluation of pseudo-colored single energy x-ray luggage images},
  author={Abidi, Besma and Zheng, Yue and Gribok, Andrei and Abidi, Mongi},
  booktitle={2005 IEEE Computer Society Conference on Computer Vision and Pattern Recognition (CVPR'05)-Workshops},
  pages={35--35},
  year={2005},
  organization={IEEE}
}

@inproceedings{chen2005combinational,
  title={A combinational approach to the fusion, de-noising and enhancement of dual-energy x-ray luggage images},
  author={Chen, Zhiyu and Zheng, Yue and Abidi, Besma R and Page, David L and Abidi, Mongi A},
  booktitle={2005 IEEE Computer Society Conference on Computer Vision and Pattern Recognition (CVPR'05)-Workshops},
  pages={2--2},
  year={2005},
  organization={IEEE}
}

@article{abidi2004improving,
  title={Improving the detection of low-density weapons in x-ray luggage scans using image enhancement and novel scene-decluttering techniques},
  author={Abidi, Besma and Liang, Jimin and Mitckes, Mark and Abidi, Mongi},
  journal={Journal of electronic imaging},
  volume={13},
  number={3},
  pages={523--538},
  year={2004},
  publisher={Society of Photo-Optical Instrumentation Engineers}
}

@inproceedings{singh2005optimizing,
  title={Optimizing image enhancement for screening luggage at airports},
  author={Singh, Maneesha and Singh, Sameer},
  booktitle={CIHSPS 2005. Proceedings of the 2005 IEEE International Conference on Computational Intelligence for Homeland Security and Personal Safety, 2005.},
  pages={131--136},
  year={2005},
  organization={IEEE}
}

@inproceedings{chan2010enhanced,
  title={Enhanced color coding scheme for kinetic depth effect X-ray (KDEX) imaging},
  author={Chan, Jer and Evans, Paul and Wang, Xun},
  booktitle={44th Annual 2010 IEEE International Carnahan Conference on Security Technology},
  pages={155--160},
  year={2010},
  organization={IEEE}
}

@inproceedings{rogers2016threat,
  title={Threat Image Projection (TIP) into X-ray images of cargo containers for training humans and machines},
  author={Rogers, Thomas W and Jaccard, Nicolas and Protonotarios, Emmanouil D and Ollier, James and Morton, Edward J and Griffin, Lewis D},
  booktitle={2016 IEEE International Carnahan Conference on Security Technology (ICCST)},
  pages={1--7},
  year={2016},
  organization={IEEE}
}

@article{mitckes2003threat,
  title={Threat image projection--an overview},
  author={Mitckes, Mark},
  journal={Imaging, Robotics, and Intelligent Systems Laboratory Dept. of Electrical and Computer Engineering. The University of Tennessee},
  year={2003}
}

@inproceedings{mery2017logarithmic,
  title={A logarithmic X-ray imaging model for baggage inspection: Simulation and object detection},
  author={Mery, Domingo and Katsaggelos, Aggelos K},
  booktitle={Proceedings of the IEEE Conference on Computer Vision and Pattern Recognition Workshops},
  pages={57--65},
  year={2017}
}

@inproceedings{cutler2009use,
  title={Use of threat image projection (TIP) to enhance security performance},
  author={Cutler, Victoria and Paddock, Susan},
  booktitle={43rd Annual 2009 International Carnahan Conference on Security Technology},
  pages={46--51},
  year={2009},
  organization={IEEE}
}

@article{bhowmikevaluating,
  title={Evaluating Convolutional Neural Networks for Prohibited Item Detection Using Real and Synthetically Composited X-Ray Imagery},
  author={Bhowmik, Neelanjan and Wang, Qian and Gaus, Yona Falinie A and Szarek, Marcin and Breckon, Toby P},
  journal={171,000 190M},
  pages={15}
}

@inproceedings{bacstan2011visual,
  title={Visual words on baggage X-ray images},
  author={Ba{\c{s}}tan, Muhammet and Yousefi, Mohammad Reza and Breuel, Thomas M},
  booktitle={Computer Analysis of Images and Patterns: 14th International Conference, CAIP 2011, Seville, Spain, August 29-31, 2011, Proceedings, Part I},
  pages={360--368},
  year={2011},
  organization={Springer}
}

@article{hartigan1979algorithm,
  title={Algorithm AS 136: A k-means clustering algorithm},
  author={Hartigan, John A and Wong, Manchek A},
  journal={Journal of the royal statistical society. series c (applied statistics)},
  volume={28},
  number={1},
  pages={100--108},
  year={1979},
  publisher={JSTOR}
}

@article{breiman2001random,
  title={Random forests},
  author={Breiman, Leo},
  journal={Machine learning},
  volume={45},
  pages={5--32},
  year={2001},
  publisher={Springer}
}

@article{hearst1998support,
  title={Support vector machines},
  author={Hearst, Marti A. and Dumais, Susan T and Osuna, Edgar and Platt, John and Scholkopf, Bernhard},
  journal={IEEE Intelligent Systems and their applications},
  volume={13},
  number={4},
  pages={18--28},
  year={1998},
  publisher={IEEE}
}

@article{kundegorski2016using,
  title={On using feature descriptors as visual words for object detection within X-ray baggage security screening},
  author={Kundegorski, Mikolaj E and Ak{\c{c}}ay, Samet and Devereux, Michael and Mouton, Andre and Breckon, Toby P},
  year={2016},
  publisher={IET}
}

@inproceedings{mery2016object,
  title={Object recognition in baggage inspection using adaptive sparse representations of X-ray images},
  author={Mery, Domingo and Svec, Erick and Arias, Marco},
  booktitle={Image and Video Technology: 7th Pacific-Rim Symposium, PSIVT 2015, Auckland, New Zealand, November 25-27, 2015, Revised Selected Papers 7},
  pages={709--720},
  year={2016},
  organization={Springer}
}

@inproceedings{zhang2014joint,
  title={Joint shape and texture based x-ray cargo image classification},
  author={Zhang, Jian and Zhang, Li and Zhao, Ziran and Liu, Yaohong and Gu, Jianping and Li, Qiang and Zhang, Duokun},
  booktitle={Proceedings of the IEEE conference on computer vision and pattern recognition workshops},
  pages={266--273},
  year={2014}
}

@inproceedings{jaccard2014automated,
  title={Automated detection of cars in transmission X-ray images of freight containers},
  author={Jaccard, Nicolas and Rogers, Thomas W and Griffin, Lewis D},
  booktitle={2014 11th IEEE International Conference on Advanced Video and Signal Based Surveillance (AVSS)},
  pages={387--392},
  year={2014},
  organization={IEEE}
}

@article{zhang2015study,
  title={A study of x-ray machine image local semantic features extraction model based on bag-of-words for airport security},
  author={Zhang, Ning and Zhu, Jinfu},
  journal={International journal on smart sensing and intelligent systems},
  volume={8},
  number={1},
  pages={45--64},
  year={2015}
}

@article{mery2013detection,
  title={Detection of regular objects in baggage using multiple X-ray views},
  author={Mery, Domingo and Mondragon, German and Riffo, Vladimir and Zuccar, Irene},
  journal={Insight-Non-Destructive Testing and Condition Monitoring},
  volume={55},
  number={1},
  pages={16--20},
  year={2013},
  publisher={The British Institute of Non-Destructive Testing}
}

@article{lazebnik2005sparse,
  title={A sparse texture representation using local affine regions},
  author={Lazebnik, Svetlana and Schmid, Cordelia and Ponce, Jean},
  journal={IEEE transactions on pattern analysis and machine intelligence},
  volume={27},
  number={8},
  pages={1265--1278},
  year={2005},
  publisher={IEEE}
}

@article{bacstan2015multi,
  title={Multi-view object detection in dual-energy X-ray images},
  author={Ba{\c{s}}tan, Muhammet},
  journal={Machine Vision and Applications},
  volume={26},
  number={7},
  pages={1045--1060},
  year={2015},
  publisher={Springer}
}

@inproceedings{bastan2013object,
  title={Object recognition in multi-view dual energy x-ray images.},
  author={Bastan, Muhammet and Byeon, Wonmin and Breuel, Thomas M and others},
  booktitle={BMVC},
  volume={1},
  number={2},
  pages={11},
  year={2013}
}

@inproceedings{schmidt2012visual,
  title={Visual cortex inspired features for object detection in X-ray images},
  author={Schmidt-Hackenberg, Ludwig and Yousefi, Mohammad Reza and Breuel, Thomas M},
  booktitle={Proceedings of the 21st International Conference on Pattern Recognition (ICPR2012)},
  pages={2573--2576},
  year={2012},
  organization={IEEE}
}

@inproceedings{franzel2012object,
  title={Object detection in multi-view X-ray images},
  author={Franzel, Thorsten and Schmidt, Uwe and Roth, Stefan},
  booktitle={Joint DAGM (German association for pattern recognition) and OAGM symposium},
  pages={144--154},
  year={2012},
  organization={Springer}
}

@inproceedings{stefan2007human,
  title={Human-machine interaction in x-ray screening},
  author={Stefan, M and Schwaninger, A},
  booktitle={Proceedings of the Carnahan Conference on Security Technology},
  volume={41},
  pages={13--19},
  year={2007}
}

@article{von2010multi,
  title={Do multi-view X-ray systems improve X-ray image interpretation in airport security screening?},
  author={Von Bastian, Claudia Christina and Schwaninger, Adrian and Michel, Stefan},
  year={2010},
  publisher={Springer}
}

@inproceedings{paranjape1998segmentation,
  title={Segmentation of handguns in dual energy X-ray imagery of passenger carry-on baggage},
  author={Paranjape, R and Sluser, M and Runtz, E},
  booktitle={Conference Proceedings. IEEE Canadian Conference on Electrical and Computer Engineering (Cat. No. 98TH8341)},
  volume={1},
  pages={377--380},
  year={1998},
  organization={IEEE}
}

@inproceedings{sluser1999model,
  title={Model-based probabilistic relaxation segmentation applied to threat detection in airport x-ray imagery},
  author={Sluser, M and Paranjape, Raman},
  booktitle={Engineering Solutions for the Next Millennium. 1999 IEEE Canadian Conference on Electrical and Computer Engineering (Cat. No. 99TH8411)},
  volume={2},
  pages={720--726},
  year={1999},
  organization={IEEE}
}

@inproceedings{ding2006x,
  title={X-ray image segmentation by attribute relational graph matching},
  author={Ding, Jianli and Li, Yuanxiang and Xu, Xing and Wang, Lingling},
  booktitle={2006 8th international Conference on Signal Processing},
  volume={2},
  year={2006},
  organization={IEEE}
}

@inproceedings{wang2005structural,
  title={Structural x-ray image segmentation for threat detection by attribute relational graph matching},
  author={Wang, Lingling and Li, Yuanxiang and Ding, Jianli and Li, Kangshun},
  booktitle={2005 International Conference on Neural Networks and Brain},
  volume={2},
  pages={1206--1211},
  year={2005},
  organization={IEEE}
}

@article{mallia2019graph,
  title={Graph clustering and variational image segmentation for automated firearm detection in X-ray images},
  author={Mallia-Parfitt, Noeleene and Giasemidis, Georgios},
  journal={IET Image Processing},
  volume={13},
  number={7},
  pages={1105--1114},
  year={2019},
  publisher={Wiley Online Library}
}
  
 @inproceedings{akccay2016transfer,
  title={Transfer learning using convolutional neural networks for object classification within X-ray baggage security imagery},
  author={Ak{\c{c}}ay, Samet and Kundegorski, Mikolaj E and Devereux, Michael and Breckon, Toby P},
  booktitle={2016 IEEE International Conference on Image Processing (ICIP)},
  pages={1057--1061},
  year={2016},
  organization={IEEE}
}

@article{jaccard2017detection,
  title={Detection of concealed cars in complex cargo X-ray imagery using deep learning},
  author={Jaccard, Nicolas and Rogers, Thomas W and Morton, Edward J and Griffin, Lewis D},
  journal={Journal of X-ray Science and Technology},
  volume={25},
  number={3},
  pages={323--339},
  year={2017},
  publisher={IOS Press}
}

@inproceedings{griffin2009basic,
  title={Basic image features (bifs) arising from approximate symmetry type},
  author={Griffin, Lewis D and Lillholm, Martin and Crosier, Mike and Van Sande, Justus},
  booktitle={Scale Space and Variational Methods in Computer Vision: Second International Conference, SSVM 2009, Voss, Norway, June 1-5, 2009. Proceedings 2},
  pages={343--355},
  year={2009},
  organization={Springer}
}

@inproceedings{bosch2007representing,
  title={Representing shape with a spatial pyramid kernel},
  author={Bosch, Anna and Zisserman, Andrew and Munoz, Xavier},
  booktitle={Proceedings of the 6th ACM international conference on Image and video retrieval},
  pages={401--408},
  year={2007}
}

@inproceedings{jaccard2016automated,
  title={Automated detection of smuggled high-risk security threats using deep learning},
  author={Jaccard, Nicolas and Rogers, Thomas W and Morton, Edward J and Griffin, Lewis D},
  booktitle={7th International Conference on Imaging for Crime Detection and Prevention (ICDP 2016)},
  pages={1--6},
  year={2016},
  organization={IET}
}

@inproceedings{zhao2018gan,
  title={A GAN-based image generation method for X-ray security prohibited items},
  author={Zhao, Zihao and Zhang, Haigang and Yang, Jinfeng},
  booktitle={Pattern Recognition and Computer Vision: First Chinese Conference, PRCV 2018, Guangzhou, China, November 23-26, 2018, Proceedings, Part I 1},
  pages={420--430},
  year={2018},
  organization={Springer}
}

@article{yang2019data,
  title={Data augmentation for X-ray prohibited item images using generative adversarial networks},
  author={Yang, Jinfeng and Zhao, Zihao and Zhang, Haigang and Shi, Yihua},
  journal={IEEE Access},
  volume={7},
  pages={28894--28902},
  year={2019},
  publisher={IEEE}
}

@inproceedings{miao2019sixray,
  title={Sixray: A large-scale security inspection x-ray benchmark for prohibited item discovery in overlapping images},
  author={Miao, Caijing and Xie, Lingxi and Wan, Fang and Su, Chi and Liu, Hongye and Jiao, Jianbin and Ye, Qixiang},
  booktitle={Proceedings of the IEEE/CVF conference on computer vision and pattern recognition},
  pages={2119--2128},
  year={2019}
}

@inproceedings{wei2020occluded,
  title={Occluded prohibited items detection: An x-ray security inspection benchmark and de-occlusion attention module},
  author={Wei, Yanlu and Tao, Renshuai and Wu, Zhangjie and Ma, Yuqing and Zhang, Libo and Liu, Xianglong},
  booktitle={Proceedings of the 28th ACM international conference on multimedia},
  pages={138--146},
  year={2020}
}

@inproceedings{caldwell2017transferring,
  title={Transferring x-ray based automated threat detection between scanners with different energies and resolution},
  author={Caldwell, Matthew and Ransley, M and Rogers, Thomas W and Griffin, Lewis D},
  booktitle={Counterterrorism, Crime Fighting, Forensics, and Surveillance Technologies},
  volume={10441},
  pages={130--139},
  year={2017},
  organization={SPIE}
}

@inproceedings{gaus2019evaluating,
  title={Evaluating the transferability and adversarial discrimination of convolutional neural networks for threat object detection and classification within x-ray security imagery},
  author={Gaus, Yona Falinie A and Bhowmik, Neelanjan and Akcay, Samet and Breckon, Toby},
  booktitle={2019 18th IEEE International Conference On Machine Learning And Applications (ICMLA)},
  pages={420--425},
  year={2019},
  organization={IEEE}
}

@inproceedings{steitz2018multi,
  title={Multi-view x-ray r-cnn},
  author={Steitz, Jan-Martin O and Saeedan, Faraz and Roth, Stefan},
  booktitle={German Conference on Pattern Recognition},
  pages={153--168},
  year={2018},
  organization={Springer}
}

@inproceedings{liang2018automatic,
  title={Automatic threat recognition of prohibited items at aviation checkpoint with x-ray imaging: a deep learning approach},
  author={Liang, Kevin J and Heilmann, Geert and Gregory, Christopher and Diallo, Souleymane O and Carlson, David and Spell, Gregory P and Sigman, John B and Roe, Kris and Carin, Lawrence},
  booktitle={Anomaly Detection and Imaging with X-Rays (ADIX) III},
  volume={10632},
  pages={1063203},
  year={2018},
  organization={SPIE}
}

@inproceedings{redmon2016you,
  title={You only look once: Unified, real-time object detection},
  author={Redmon, J},
  booktitle={Proceedings of the IEEE conference on computer vision and pattern recognition},
  year={2016}
}

@inproceedings{girshick2014rich,
  title={Rich feature hierarchies for accurate object detection and semantic segmentation},
  author={Girshick, Ross and Donahue, Jeff and Darrell, Trevor and Malik, Jitendra},
  booktitle={Proceedings of the IEEE conference on computer vision and pattern recognition},
  pages={580--587},
  year={2014}
}

@article{girshick2015fast,
  title={Fast r-cnn},
  author={Girshick, Ross},
  journal={arXiv preprint arXiv:1504.08083},
  year={2015}
}

@article{ren2016faster,
  title={Faster R-CNN: Towards real-time object detection with region proposal networks},
  author={Ren, Shaoqing and He, Kaiming and Girshick, Ross and Sun, Jian},
  journal={IEEE transactions on pattern analysis and machine intelligence},
  volume={39},
  number={6},
  pages={1137--1149},
  year={2016},
  publisher={IEEE}
}

@inproceedings{redmon2017yolo9000,
  title={YOLO9000: better, faster, stronger},
  author={Redmon, Joseph and Farhadi, Ali},
  booktitle={Proceedings of the IEEE conference on computer vision and pattern recognition},
  pages={7263--7271},
  year={2017}
}

@inproceedings{farhadi2018yolov3,
  title={Yolov3: An incremental improvement},
  author={Farhadi, Ali and Redmon, Joseph},
  booktitle={Computer vision and pattern recognition},
  volume={1804},
  pages={1--6},
  year={2018},
  organization={Springer Berlin/Heidelberg, Germany}
}

@article{bochkovskiy2020yolov4,
  title={Yolov4: Optimal speed and accuracy of object detection},
  author={Bochkovskiy, Alexey and Wang, Chien-Yao and Liao, Hong-Yuan Mark},
  journal={arXiv preprint arXiv:2004.10934},
  year={2020}
}

@misc{yolov5,
  title={YOLOv5 by Ultralytics},
  author={Glenn Jocher},
  year={2020},
  publisher={GitHub},
  journal={GitHub repository},
  howpublished={\url{https://github.com/ultralytics/yolov5}},
}

@article{ge2021yolox,
  title={Yolox: Exceeding yolo series in 2021},
  author={Ge, Z},
  journal={arXiv preprint arXiv:2107.08430},
  year={2021}
}

@article{li2022yolov6,
  title={YOLOv6: A single-stage object detection framework for industrial applications},
  author={Li, Chuyi and Li, Lulu and Jiang, Hongliang and Weng, Kaiheng and Geng, Yifei and Li, Liang and Ke, Zaidan and Li, Qingyuan and Cheng, Meng and Nie, Weiqiang and others},
  journal={arXiv preprint arXiv:2209.02976},
  year={2022}
}

@inproceedings{wang2023yolov7,
  title={YOLOv7: Trainable bag-of-freebies sets new state-of-the-art for real-time object detectors},
  author={Wang, Chien-Yao and Bochkovskiy, Alexey and Liao, Hong-Yuan Mark},
  booktitle={Proceedings of the IEEE/CVF conference on computer vision and pattern recognition},
  pages={7464--7475},
  year={2023}
}

@misc{yolov8,
  title={Ultralytics YOLOv8: Cutting-Edge, Real-Time Object Detection},
  author={Glenn Jocher, Ayush Chaurasia, Jing Qiu, Jonathan Choa},
  year={2023},
  publisher={GitHub},
  journal={GitHub repository},
  howpublished={\url{https://github.com/ultralytics/ultralytics}},
}

@inproceedings{szegedy2015going,
  title={Going deeper with convolutions},
  author={Szegedy, Christian and Liu, Wei and Jia, Yangqing and Sermanet, Pierre and Reed, Scott and Anguelov, Dragomir and Erhan, Dumitru and Vanhoucke, Vincent and Rabinovich, Andrew},
  booktitle={Proceedings of the IEEE conference on computer vision and pattern recognition},
  pages={1--9},
  year={2015}
}

@inproceedings{neubeck2006efficient,
  title={Efficient non-maximum suppression},
  author={Neubeck, Alexander and Van Gool, Luc},
  booktitle={18th international conference on pattern recognition (ICPR'06)},
  volume={3},
  pages={850--855},
  year={2006},
  organization={IEEE}
}

@inproceedings{lin2017feature,
  title={Feature pyramid networks for object detection},
  author={Lin, Tsung-Yi and Doll{\'a}r, Piotr and Girshick, Ross and He, Kaiming and Hariharan, Bharath and Belongie, Serge},
  booktitle={Proceedings of the IEEE conference on computer vision and pattern recognition},
  pages={2117--2125},
  year={2017}
}

@inproceedings{he2016deep,
  title={Deep residual learning for image recognition},
  author={He, Kaiming and Zhang, Xiangyu and Ren, Shaoqing and Sun, Jian},
  booktitle={Proceedings of the IEEE conference on computer vision and pattern recognition},
  pages={770--778},
  year={2016}
}

@article{he2015spatial,
  title={Spatial pyramid pooling in deep convolutional networks for visual recognition},
  author={He, Kaiming and Zhang, Xiangyu and Ren, Shaoqing and Sun, Jian},
  journal={IEEE transactions on pattern analysis and machine intelligence},
  volume={37},
  number={9},
  pages={1904--1916},
  year={2015},
  publisher={IEEE}
}

@inproceedings{liu2018path,
  title={Path aggregation network for instance segmentation},
  author={Liu, Shu and Qi, Lu and Qin, Haifang and Shi, Jianping and Jia, Jiaya},
  booktitle={Proceedings of the IEEE conference on computer vision and pattern recognition},
  pages={8759--8768},
  year={2018}
}

@inproceedings{ding2021repvgg,
  title={Repvgg: Making vgg-style convnets great again},
  author={Ding, Xiaohan and Zhang, Xiangyu and Ma, Ningning and Han, Jungong and Ding, Guiguang and Sun, Jian},
  booktitle={Proceedings of the IEEE/CVF conference on computer vision and pattern recognition},
  pages={13733--13742},
  year={2021}
}

@inproceedings{feng2021tood,
  title={Tood: Task-aligned one-stage object detection},
  author={Feng, Chengjian and Zhong, Yujie and Gao, Yu and Scott, Matthew R and Huang, Weilin},
  booktitle={2021 IEEE/CVF International Conference on Computer Vision (ICCV)},
  pages={3490--3499},
  year={2021},
  organization={IEEE Computer Society}
}







